<record><leader>00000cas a22000007a 4500</leader><controlfield tag="001">18025232</controlfield><controlfield tag="008">880601u1983uuuutxuuu ne      0    0eng d</controlfield><datafield ind1=" " ind2=" " tag="010"><subfield code="a">sn 88083600 </subfield></datafield><datafield ind1=" " ind2=" " tag="040"><subfield code="a">PPM</subfield><subfield code="b">eng</subfield><subfield code="c">PPM</subfield><subfield code="d">OCLCQ</subfield></datafield><datafield ind1=" " ind2=" " tag="042"><subfield code="a">msc</subfield></datafield><datafield ind1="0" ind2=" " tag="130"><subfield code="a">Island news (Port Aransas, Tex.)</subfield></datafield><datafield ind1="1" ind2="0" tag="245"><subfield code="a">Island news.</subfield></datafield><datafield ind1=" " ind2=" " tag="260"><subfield code="a">Port Aransas, Tex. :</subfield><subfield code="b">Melissa Brackmeyer Cushing</subfield></datafield><datafield ind1="1" ind2=" " tag="362"><subfield code="a">Began in 1983?</subfield></datafield><datafield ind1=" " ind2=" " tag="588"><subfield code="a">Description based on: Vol. 1, no. 3 (Nov. 3, 1983).</subfield></datafield><datafield ind1=" " ind2=" " tag="752"><subfield code="a">United States</subfield><subfield code="b">Texas</subfield><subfield code="c">Nueces</subfield><subfield code="d">Port Aransas.</subfield></datafield><datafield ind1="1" ind2=" " tag="029"><subfield code="a">AU@</subfield><subfield code="b">000025801752</subfield></datafield></record>